
@article{Wikipedia,
title = "Probl√®me du voyageur de commerce",
journal = "Wikipedia",

}